@article{berjano-2014-esj,
	Author = {Berjano, P.  and Langella, F.  and Ismael, M. F.  and Damilano, M.  and
	   Scopetta, S.  and Lamartina, C. },
	Title = {{S}uccessful correction of sagittal imbalance can be calculated on the basis of pelvic incidence and age},
	Journal = {European Spine Journal},
	Year = {2014},
	Volume = {23 Suppl 6},
	Pages = {587--596},
	Month = {Oct}
}

@article{diebo-2015-esj,
	Author = {Diebo, B. G.  and Henry, J.  and Lafage, V.  and Berjano, P. },
	Title = {{S}agittal deformities of the spine: factors influencing the outcomes and complications},
	Journal = {European Spine Journal},
	Year = {2015},
	Volume = {24 Suppl 1},
	Pages = {3--15},
	Month = {Jan}
}

@article{kitazaki-1997-jsv,
	title = {A MODAL ANALYSIS OF WHOLE-BODY VERTICAL VIBRATION, USING A FINITE ELEMENT MODEL OF THE HUMAN BODY},
	journal = {Journal of Sound and Vibration},
	volume = {200},
	number = {1},
	pages = {83 - 103},
	year = {1997},
	issn = {0022-460X},
	doi = {https://doi.org/10.1006/jsvi.1996.0674},
	url = {http://www.sciencedirect.com/science/article/pii/S0022460X96906744},
	author = {S. Kitazaki and M.J. Griffin}
}

@article{li-2015-jie,
	title = {Biomechanical response of the musculoskeletal system to whole body vibration using a seated driver model},
	journal = {International Journal of Industrial Ergonomics},
	volume = {45},
	pages = {91 - 97},
	year = {2015},
	issn = {0169-8141},
	doi = {https://doi.org/10.1016/j.ergon.2014.12.006},
	url = {http://www.sciencedirect.com/science/article/pii/S0169814114001735},
	author = {Wenhao Li and Ming Zhang and Guomin Lv and Qingyu Han and Yuanjin Gao and Yan Wang and Qitao Tan and Manyu Zhang and Yixun Zhang and Zengyong Li},
	keywords = {Musculoskeletal model, Vibration, Backrest inclination, AnyBody Modeling System}
}

@Article{pearsall-1996-abe,
	Author = {Pearsall, D. J.  and Reid, J. G.  and Livingston, L. A. },
	Title = {{S}egmental inertial parameters of the human trunk as determined from computed tomography},
	Journal = {Annals of Biomededical Engineering},
	Year = {1996},
	Volume = {24},
	Number = {2},
	Pages = {198--210}
}

@article{seidel-2001-cb,
	title = {Modelling the response of the spinal system to whole-body vibration and repeated shock},
	journal = {Clinical Biomechanics},
	volume = {16},
	pages = {S3 - S7},
	year = {2001},
	issn = {0268-0033},
	doi = {https://doi.org/10.1016/S0268-0033(00)00095-4},
	url = {http://www.sciencedirect.com/science/article/pii/S0268003300000954},
	author = {Helmut Seidel and Michael J. Griffin},
	keywords = {Biodynamic models, Vibration, Mechanical shock, Spinal loading, Validation}
}

@article{toward-2011-jsv-mass,
	title = {Apparent mass of the human body in the vertical direction: Inter-subject variability},
	journal = {Journal of Sound and Vibration},
	volume = {330},
	number = {4},
	pages = {827 - 841},
	year = {2011},
	issn = {0022-460X},
	doi = {https://doi.org/10.1016/j.jsv.2010.08.041},
	url = {http://www.sciencedirect.com/science/article/pii/S0022460X10005821},
	author = {Martin G.R. Toward and Michael J. Griffin}
}

@article{toward-2011-jsv-seat,
	title = {The transmission of vertical vibration through seats: Influence of the characteristics of the human body},
	journal = {Journal of Sound and Vibration},
	volume = {330},
	number = {26},
	pages = {6526 - 6543},
	year = {2011},
	issn = {0022-460X},
	doi = {https://doi.org/10.1016/j.jsv.2011.07.033},
	url = {http://www.sciencedirect.com/science/article/pii/S0022460X11006146},
	author = {Martin G.R. Toward and Michael J. Griffin}
}

@article{valentini-2012-jsv,
	title = {Modeling human spine using dynamic spline approach for vibrational simulation},
	journal = {Journal of Sound and Vibration},
	volume = {331},
	number = {26},
	pages = {5895 - 5909},
	year = {2012},
	issn = {0022-460X},
	doi = {https://doi.org/10.1016/j.jsv.2012.07.039},
	url = {http://www.sciencedirect.com/science/article/pii/S0022460X12005652},
	author = {Pier Paolo Valentini}
}

@article{vette-2011-mep,
	title = {A complete, non-lumped, and verifiable set of upper body segment parameters for three-dimensional dynamic modeling},
	journal = {Medical Engineering \& Physics},
	volume = {33},
	number = {1},
	pages = {70 - 79},
	year = {2011},
	issn = {1350-4533},
	doi = {https://doi.org/10.1016/j.medengphy.2010.09.008},
	url = {http://www.sciencedirect.com/science/article/pii/S1350453310002043},
	author = {Albert H. Vette and Takashi Yoshida and T. Adam Thrasher and Kei Masani and Milos R. Popovic},
	keywords = {Biomechanics, Center of mass, Dynamic modeling, Mass, Moment of inertia, Spinal joints, The Visible Human Project, Trunk, Upper limbs}
}

@article{wei-1995-jb,
	title = {The application of segment axial density profiles to a human body inertia model},
	journal = {Journal of Biomechanics},
	volume = {28},
	number = {1},
	pages = {103 - 108},
	year = {1995},
	issn = {0021-9290},
	doi = {https://doi.org/10.1016/0021-9290(95)80012-3},
	url = {http://www.sciencedirect.com/science/article/pii/0021929095800123},
	author = {Chen Wei and Robert K. Jensen}
}

@article{wicke-2008-jb,
	title = {Trunk density profile estimates from dual X-ray absorptiometry},
	journal = {Journal of Biomechanics},
	volume = {41},
	number = {4},
	pages = {861 - 867},
	year = {2008},
	issn = {0021-9290},
	doi = {https://doi.org/10.1016/j.jbiomech.2007.10.022},
	url = {http://www.sciencedirect.com/science/article/pii/S0021929007004733},
	author = {Jason Wicke and Genevi√®ve A. Dumas and Patrick A. Costigan},
	keywords = {Body segment parameters, DXA, Density, Geometric modeling}
}

@article{zheng-2011-jsv,
	title = {An analytic model of the in-line and cross-axis apparent mass of the seated human body exposed to vertical vibration with and without a backrest},
	journal = {Journal of Sound and Vibration},
	volume = {330},
	number = {26},
	pages = {6509 - 6525},
	year = {2011},
	issn = {0022-460X},
	doi = {https://doi.org/10.1016/j.jsv.2011.06.026},
	url = {http://www.sciencedirect.com/science/article/pii/S0022460X11005244},
	author = {Guangtai Zheng and Yi Qiu and Michael J Griffin}
}
@article{garg-1976-ie3tsmc,
	author = {D. P. Garg and M. A. Ross},
	journal = {IEEE Transactions on Systems, Man, and Cybernetics},
	title = {Vertical Mode Human Body Vibration Transmissibility},
	year = {1976},
	volume = {SMC-6},
	number = {2},
	pages = {102-112},
	keywords = {Anthropometry;Biological system modeling;Biomechanics;Biomedical measurements;Damping;Frequency measurement;Frequency response;Human anatomy;Joints;Vibration measurement},
	doi = {10.1109/TSMC.1976.5409180},
	ISSN = {0018-9472},
	month = {Feb},
}

@article{hill-2009-jb,
	title = {Is vibration truly an injurious stimulus in the human spine?},
	journal = {Journal of Biomechanics},
	volume = {42},
	number = {16},
	pages = {2631 - 2635},
	year = {2009},
	issn = {0021-9290},
	doi = {https://doi.org/10.1016/j.jbiomech.2009.10.001},
	url = {http://www.sciencedirect.com/science/article/pii/S0021929009005296},
	author = {Taryn E. Hill and Geoffrey T. Desmoulin and Christopher J. Hunter},
	keywords = {Intervertebral disc, Biomechanics, Vibration, Spine, Tissue mechanics, Injury}
}

@article {deoliveira-2005-asem,
	title = {Transmissibility of Helicopter Vibration in the Spines of Pilots in Flight},
	journal = {Aviation, Space, and Environmental Medicine},
	parent_itemid = {infobike://asma/asem},
	publishercode ={asma},
	year = {2005},
	volume = {76},
	number = {6},
	pages = {576-580},
	itemtype = {ARTICLE},
	issn = {0095-6562},
	url = {http://www.ingentaconnect.com/content/asma/asem/2005/00000076/00000006/art00010},
	keyword = {upper body, resonance, load, biodynamics},
	author = {de Oliveira, Carlos Gomes and Nadal, Jurandir},
	note = {requested fulltext on ResearchGate}
}

@techreport{ISO5982,
	type = {Standard},
	key = {ISO5982:2001(E)},
	month = {Nov},
	year = {2001},
	title = {Mechanical vibration and shock -- Range of idealized values to
		characterize seated-body biodynamic response under vertical vibration},
	address = {Geneva, CH},
	institution = {International Organization for Standardization}
}

@book{griffin-1996-hbhv,
	author    = {Griffin, M}, 
	title     = {Handbook of Human Vibration},
	publisher = {Elsevier},
	year      = 1996,
	series    = {Academic Press},
	edition   = 1,
	isbn      = {9780123030412}
}

@article{Mandapuram2012,
author = {Mandapuram, Santosh and Rakheja, Subhash and Boileau, Paul {\'{E}}mile and Maeda, Setsuo},
doi = {10.1016/j.ergon.2012.02.002},
issn = {01698141},
journal = {Int. J. Ind. Ergon.},
keywords = {Fore-aft, lateral and vertical vibration biodynami,H 1 and H v frequency response estimators,Seat-to-heat-transmissibility,Seated body apparent mass,Single and three-axis uncorrelated vibration biody},
number = {3},
pages = {268--277},
publisher = {Elsevier Ltd},
title = {{Apparent mass and head vibration transmission responses of seated body to three translational axis vibration}},
url = {http://dx.doi.org/10.1016/j.ergon.2012.02.002},
volume = {42},
year = {2012}
}

